@article{intro:guardian_snowden,
  author = "Guardian",
  title = "Edward Snowden",
  url= "http://www.theguardian.com/world/edward-snowden"
}

@misc{intro:gchq_home,
  author = "GCHQ",
  url= "http://www.gchq.gov.uk/"
}

@misc{intro:nsa_home,
  author = "NSA",
  url= "http://www.nsa.gov/"
}

@article{intro:schneier_nsa_1,
  author = "Bruce Schneier",
  title = "PICASSO: NSA Exploit of the Day",
  year = "2014",
  url= "https://www.schneier.com/blog/archives/2014/02/picasso_nsa_exp.html"
}

@article{intro:schneier_nsa_2,
  author = "Bruce Schneier",
  title = "WISTFULTOLL: NSA Exploit of the Day",
  year = "2014",
  url= "https://www.schneier.com/blog/archives/2014/02/wistfultoll_nsa.html"
}

@article{intro:schneier_nsa_3,
  author = "Bruce Schneier",
  title = "DROPOUTJEEP: NSA Exploit of the Day",
  year = "2014",
  url= "https://www.schneier.com/blog/archives/2014/02/dropoutjeep_nsa.html"
}

@article{intro:schneier_nsa_4,
  author = "Bruce Schneier",
  title = "SOMBERKNAVE: NSA Exploit of the Day",
  year = "2014",
  url= "https://www.schneier.com/blog/archives/2014/02/somberknave_nsa.html"
}

@article{intro:guardian_ms_nsa,
  author = "Guardian",
  title = "Microsoft handed the NSA access to encrypted messages",
  year = "2013",
  url= "http://www.theguardian.com/world/2013/jul/11/microsoft-nsa-collaboration-user-data"
}

@article{intro:bristol_open_letter,
  author = "Prof. Kenneth Paterson, et al",
  title = "Open Letter From UK Security Researchers ",
  year = "2013",
  url= "http://bristolcrypto.blogspot.co.uk/2013/09/open-letter-from-uk-security-researchers.html"
}

@misc{intro:nsa_invoice,
  title = "Vupen Contracts with NSA",
  year = "2013",
  url= "https://www.muckrock.com/foi/united-states-of-america-10/vupen-contracts-with-nsa-6593/#787525-responsive-documents"
}

@article{intro:ibm_open_letter,
  author = "Robert C. Weber",
  title = "Microsoft handed the NSA access to encrypted messages",
  year = "2014",
  url= "http://asmarterplanet.com/blog/2014/03/open-letter-data.html"
}

@article{intro:open_open_letter,
  author = "Bruce Schneier",
  title = "An Open Letter to IBM's Open Letter",
  year = "2014",
  url= "https://www.schneier.com/blog/archives/2014/03/an_open_letter_.html"
}

@article{intro:ieee_decrypted},
  author = "Adrian Stephens",
  title = "802.11 'Decrypted'",
  year = "2005"
}

@book{intro:ieee_tutorial,
  author = "Mustafa Ergen",
  title = "IEEE 802.11 Tutorial",
  year = "2002"
}

@article{intro:80211_lecture,
  author = "Surendar Chandra ",
  title = "802.11 Lecture",
  year = "2011",
  url= "http://surendar.chandrabrown.org/teach/spr03/cse598N/Lectures/Lecture16.pdf"
}

@article{intro:80211_insecurity,
  author = "Nikita Borisov, et al",
  title = "Intercepting Mobile Communications:The Insecurity of 802.11",
  year = "2001"
}

@article{intro:netgear_wep,
  author = "Netgear",
  title = "WEP Shared Key Authentication",
  year = "2001",
  url="http://documentation.netgear.com/reference/sve/wireless/WirelessNetworkingBasics-3-09.html"
}

@article{intro:wiki_wpa,
  author = "Wikipedia",
  title = "Wi-Fi Protected Access",
  year = "2014",
  url="http://en.wikipedia.org/wiki/Wi-Fi_Protected_Access"
}


@article{intro:bbc_flashlight_app,
  author = "BBC News",
  title = "Data haul by Android Flashlight app 'deceives' millions",
  url= "http://www.bbc.co.uk/news/technology-25258621"
}

@article{intro:not_personal,
  year = "2013",
  title = "Private traits and attributes are predictable from digital records of human behavior",
  author = "Michal Kosinski, et al",
  url= "http://www.pnas.org/content/early/2013/03/06/1218772110.full.pdf+html"
}

@misc{intro:evercookie,
  url = "http://samy.pl/evercookie/"
}

@article{intro:unique_browser,
  author = "Peter Eckersley",
  title = "Data haul by Android Flashlight app 'deceives' millions",
  url= "https://panopticlick.eff.org/browser-uniqueness.pdf",
}

@article{intro:twitter_home_location,
  author = "JALAL MAHMUD, et al",
  title = "Home Location Identification of Twitter Users",
  url= "http://arxiv.org/ftp/arxiv/papers/1403/1403.2345.pdf",
  year = "2014"
}

@article{intro:room_641a,
  author = "Wikipedia",
  title = "Room 641A",
  url= "http://en.wikipedia.org/wiki/Room_641A",
  year = "2014"
}

@article{research:crc_wiki,
  author = "Wikipedia",
  title = "Cyclic Redundancy Check",
  url= "en.wikipedia.org/wiki/Cyclic_redundancy_check",
  year = "2014"
}

@article{research:wep,
  author = "Wikipedia",
  title = "Wired Equivalent Privacy",
  url= "http://en.wikipedia.org/wiki/Wired_Equivalent_Privacy",
  year = "2014"
}